<?xml version="1.0" encoding="UTF-8"?><collection xmlns="http://www.loc.gov/MARC21/slim"><record><leader>00643nam--2200181-i-4500</leader><controlfield tag="001">000034195</controlfield><controlfield tag="002">20161230</controlfield><controlfield tag="005">20161230201039</controlfield><controlfield tag="008">060222s1000------------r-----000-0-fre-d</controlfield><datafield ind1=" " ind2=" " tag="040"><subfield code="a">IFIN-HH</subfield></datafield><datafield ind1=" " ind2=" " tag="041"><subfield code="a">fre</subfield></datafield><datafield ind1=" " ind2=" " tag="080"><subfield code="a">539.292</subfield></datafield><datafield ind1="1" ind2=" " tag="110"><subfield code="a">Commissariat A L'Energie Atomique</subfield></datafield><datafield ind1="1" ind2="0" tag="245"><subfield code="a">Effets d'irradiation aux neutrons sur le fer pur communication presentee au colloque aiea de venise 7-11 mai 1962</subfield><subfield code="b">Colloque sur les effets des rayonnements dans les solids et les materiaux de reacteurs</subfield></datafield><datafield ind1=" " ind2=" " tag="260"><subfield code="a">Grenoble</subfield><subfield code="b">Centre D'Etudes Nucleaires De Grenoble</subfield><subfield code="c">1962</subfield></datafield><datafield ind1=" " ind2=" " tag="300"><subfield code="a">11P</subfield></datafield><datafield ind1=" " ind2=" " tag="852"><subfield code="a">1425</subfield><subfield code="c">539.21</subfield></datafield><datafield ind1=" " ind2=" " tag="CAT"><subfield code="a">Sys</subfield><subfield code="c">20121204</subfield><subfield code="h">175516</subfield></datafield></record></collection>